<collection xmlns="http://www.loc.gov/MARC21/slim">
<record>
  <leader>01479nam0a22002651i 450 </leader>
  <controlfield tag="001">IT\ICCU\CNCE\065789</controlfield>
  <controlfield tag="005">20060811000000.0</controlfield>
  <datafield tag="012" ind1=" " ind2=" ">
    <subfield code="a">a-i, i-a- roxi reer (3) 1585 (R)</subfield>
    <subfield code="2">fei</subfield>
  </datafield>
  <datafield tag="100" ind1=" " ind2=" ">
    <subfield code="a">20060727d1585        0itac0103    ba</subfield>
  </datafield>
  <datafield tag="101" ind1=" " ind2=" ">
    <subfield code="a">LAT</subfield>
  </datafield>
  <datafield tag="102" ind1=" " ind2=" ">
    <subfield code="a">IT</subfield>
  </datafield>
  <datafield tag="200" ind1="1" ind2=" ">
    <subfield code="a">I. Baptistae Donatii De aquis lucensibus quae villenses appellantur. Liber primus. In quo nostre de harum aquarum natura rationes prorsus alio modo se habent,ac allatae sunt a caeteris, qui hactenus de hisce scripserunt</subfield>
  </datafield>
  <datafield tag="205" ind1=" " ind2=" ">
    <subfield code="a">Editio secunda multo locupletior</subfield>
  </datafield>
  <datafield tag="210" ind1=" " ind2=" ">
    <subfield code="a">Venezia</subfield>
    <subfield code="c">Apud Franciscum Zilettum</subfield>
    <subfield code="d">1585</subfield>
  </datafield>
  <datafield tag="215" ind1=" " ind2=" ">
    <subfield code="a">\4!, 24 c.</subfield>
    <subfield code="d">4? (20 cm)</subfield>
  </datafield>
  <datafield tag="300" ind1=" " ind2=" ">
    <subfield code="a">ANNULLATA  !!!!!  vedi 17614Cors.; rom. -  Segn: +4, A-F4. -  Iniziali xil. -  dedicatre Gambara, Giovanni Francesco &lt;cardinale&gt;. -  Dedicatario Gambara, Giovanni Francesco &lt;cardinale&gt;</subfield>
  </datafield>
  <datafield tag="620" ind1=" " ind2=" ">
    <subfield code="a">IT</subfield>
    <subfield code="d">Venezia</subfield>
  </datafield>
  <datafield tag="700" ind1=" " ind2="1">
    <subfield code="a">Donati,</subfield>
    <subfield code="b">Giovanni Battista</subfield>
    <subfield code="3">IT\ICCU\CNCA\004901</subfield>
  </datafield>
  <datafield tag="712" ind1="0" ind2="0">
    <subfield code="a">Ziletti, Francesco</subfield>
    <subfield code="3">IT\ICCU\CNCT\000247</subfield>
    <subfield code="4">650</subfield>
  </datafield>
  <datafield tag="790" ind1=" " ind2="1">
    <subfield code="a">Donatius,</subfield>
    <subfield code="b">Joannes Baptista</subfield>
    <subfield code="3">IT\ICCU\CNCA\018513</subfield>
    <subfield code="z">Donati, Giovanni Battista</subfield>
  </datafield>
  <datafield tag="790" ind1=" " ind2="1">
    <subfield code="a">Donatius,</subfield>
    <subfield code="b">Johannes Baptista</subfield>
    <subfield code="3">IT\ICCU\CNCA\022623</subfield>
    <subfield code="z">Donati, Giovanni Battista</subfield>
  </datafield>
  <datafield tag="791" ind1="0" ind2="0">
    <subfield code="a">Ziletus, Franciscus</subfield>
    <subfield code="3">IT\ICCU\CNCT\004189</subfield>
    <subfield code="z">Ziletti, Francesco</subfield>
  </datafield>
  <datafield tag="791" ind1="0" ind2="0">
    <subfield code="a">Zilettus, Franciscus</subfield>
    <subfield code="3">IT\ICCU\CNCT\005830</subfield>
    <subfield code="z">Ziletti, Francesco</subfield>
  </datafield>
  <datafield tag="801" ind1=" " ind2="3">
    <subfield code="a">IT</subfield>
    <subfield code="b">ICCU</subfield>
    <subfield code="c">20201115</subfield>
  </datafield>
  <datafield tag="899" ind1=" " ind2=" ">
    <subfield code="a">Biblioteca del Dipartimento di medicina sperimentale e patologia. Sezione di storia della medicina. Roma</subfield>
    <subfield code="1">RM0934</subfield>
    <subfield code="2">RMS M3</subfield>
  </datafield>
</record>
</collection>
